@misc{bezier,
	title="From Bézier to Bernstein [Электронный ресурс].",
	howpublished="Режим доступа: \url{https://www.ams.org/publicoutreach/feature-column/fcarc-bezier} (дата обращения: 09.12.2024)."
}

@article{invisible,
  title={Реализация алгоритма удаления невидимых граней},
  author={Емельянова, Татьяна Владимировна and Аминов, Леонид Анатольевич and Емельянов, Владислав Андреевич},
  journal={Актуальные проблемы военно-научных исследований},
  number={2},
  pages={37--44},
  year={2021},
  publisher={Военный институт (инженерно-технический)-структурное подразделение~…}
}

@misc{intel,
	title="Intel® Core™ i7-12700H Processor [Электронный ресурс].",
	howpublished="Режим доступа: \url{https://ark.intel.com/content/www/us/en/ark/products/132228/intel-core-i7-12700h-processor-24m-cache-up-to-4-70-ghz.html} (дата обращения: 08.12.2024)"
}

@article{cpp,
  title={An overview of the C++ programming language},
  author={Stroustrup, Bjarne},
  journal={Handbook of object technology},
  pages={72},
  year={1999},
  publisher={CRC Press Boca Raton, FL}
}

@misc{qt,
	title="Qt Documentation [Электронный ресурс].",
	howpublished="Режим доступа: \url{https://doc.qt.io/} (дата обращения: 08.12.2024)"
}

@misc{qt_creator,
	title="Qt Creator Documentation [Электронный ресурс].",
	howpublished="Режим доступа: \url{https://doc.qt.io/qtcreator/} (дата обращения: 08.12.2024)"
}

@misc{qelapsedtimer,
	title="QElapsedTimer Class [Электронный ресурс].",
	howpublished="Режим доступа: \url{https://doc.qt.io/qt-6/qelapsedtimer.html} (дата обращения: 08.12.2024)"
}

@misc{qmake,
	title="qmake Manual [Электронный ресурс].",
	howpublished="Режим доступа: \url{https://doc.qt.io/qt-6/qmake-manual.html} (дата обращения: 08.12.2024)"
}

@book{all_cg,
  title={Алгоритмические основы машинной графики},
  author={Роджерс, Дональд},
  year={1989},
  publisher={Рипол Классик}
}